@article{pessach2022review,
  title={A review on fairness in machine learning},
  author={Pessach, Dana and Shmueli, Erez},
  journal={ACM Computing Surveys (CSUR)},
  volume={55},
  number={3},
  pages={1--44},
  year={2022},
  publisher={ACM New York, NY}
}

@misc{griggs1971,
  author = {{Supreme Court of the United States}},
  title = {Griggs v. Duke Power Co.},
  howpublished = {401 U.S. 424},
  year = {1971},
  month = {March 8,},
}

@misc{eeoc1979,
  author = {{The U.S. Equal Employment Opportunity Commission (EEOC)}},
  title = {Uniform Guidelines on Employee Selection Procedures},
  year = {1979},
  month = {March 2,},
}

@inproceedings{corbett2017algorithmic,
  title={Algorithmic decision making and the cost of fairness},
  author={Corbett-Davies, Sam and Pierson, Emma and Feller, Avi and Goel, Sharad and Huq, Aziz},
  booktitle={Proceedings of the 23rd acm sigkdd international conference on knowledge discovery and data mining},
  pages={797--806},
  year={2017}
}
