@article{pessach2022review,
  title={A review on fairness in machine learning},
  author={Pessach, Dana and Shmueli, Erez},
  journal={ACM Computing Surveys (CSUR)},
  volume={55},
  number={3},
  pages={1--44},
  year={2022},
  publisher={ACM New York, NY}
}

@misc{griggs1971,
  author = {{Supreme Court of the United States}},
  title = {Griggs v. Duke Power Co.},
  howpublished = {401 U.S. 424},
  year = {1971},
  month = {March 8,},
}

@misc{eeoc1979,
  author = {{The U.S. Equal Employment Opportunity Commission (EEOC)}},
  title = {Uniform Guidelines on Employee Selection Procedures},
  year = {1979},
  month = {March 2,},
}

@inproceedings{corbett2017algorithmic,
  title={Algorithmic decision making and the cost of fairness},
  author={Corbett-Davies, Sam and Pierson, Emma and Feller, Avi and Goel, Sharad and Huq, Aziz},
  booktitle={Proceedings of the 23rd acm sigkdd international conference on knowledge discovery and data mining},
  pages={797--806},
  year={2017}
}

@article{chouldechova2017fair,
  title={Fair prediction with disparate impact: A study of bias in recidivism prediction instruments},
  author={Chouldechova, Alexandra},
  journal={Big data},
  volume={5},
  number={2},
  pages={153--163},
  year={2017},
  publisher={Mary Ann Liebert, Inc. 140 Huguenot Street, 3rd Floor New Rochelle, NY 10801 USA}
}

@article{berk2021fairness,
  title={Fairness in criminal justice risk assessments: The state of the art},
  author={Berk, Richard and Heidari, Hoda and Jabbari, Shahin and Kearns, Michael and Roth, Aaron},
  journal={Sociological Methods \& Research},
  volume={50},
  number={1},
  pages={3--44},
  year={2021},
  publisher={Sage Publications Sage CA: Los Angeles, CA}
}

@article{hardt2016equality,
  title={Equality of opportunity in supervised learning},
  author={Hardt, Moritz and Price, Eric and Srebro, Nati},
  journal={Advances in neural information processing systems},
  volume={29},
  year={2016}
}

@article{vzliobaite2017measuring,
  title={Measuring discrimination in algorithmic decision making},
  author={{\v{Z}}liobait{\.e}, Indr{\.e}},
  journal={Data Mining and Knowledge Discovery},
  volume={31},
  number={4},
  pages={1060--1089},
  year={2017},
  publisher={Springer}
}

@article{calders2010three,
  title={Three naive bayes approaches for discrimination-free classification},
  author={Calders, Toon and Verwer, Sicco},
  journal={Data mining and knowledge discovery},
  volume={21},
  pages={277--292},
  year={2010},
  publisher={Springer}
}

@inproceedings{feldman2015certifying,
  title={Certifying and removing disparate impact},
  author={Feldman, Michael and Friedler, Sorelle A and Moeller, John and Scheidegger, Carlos and Venkatasubramanian, Suresh},
  booktitle={proceedings of the 21th ACM SIGKDD international conference on knowledge discovery and data mining},
  pages={259--268},
  year={2015}
}

@book{fraenkel2020fairness,
  title={Fairness and Algorithmic Decision Making},
  author={Fraenkel, Aaron},
  year={2020},
  note={Lecture Notes for UCSD course DSC 167}
}

@article{kleinberg2016inherent,
  title={Inherent trade-offs in the fair determination of risk scores},
  author={Kleinberg, Jon and Mullainathan, Sendhil and Raghavan, Manish},
  journal={arXiv preprint arXiv:1609.05807},
  year={2016}
}

@misc{angwin2016machine,
  author = {Julia Angwin},
  title = {Machine Bias},
  year = {2016},
  publisher = {ProPublica},
  howpublished = {\url{https://www.propublica.org/article/machine-bias-risk-assessments-in-criminal-sentencing}}
}

@misc{larson2016compas,
  author = {Jeff Larson and Surya Mattu and Lauren Kirchner and Julia Angwin},
  title = {How We Analyzed the COMPAS Recidivism Algorithm},
  year = {2016},
  howpublished = {\url{https://www.propublica.org/article/how-we-analyzed-the-compas-recidivism-algorithm}}
}

@misc{larson2016propublica,
  author = {Jeff Larson and Surya Mattu and Lauren Kirchner and Julia Angwin},
  title = {ProPublica Compas Analysis—Data and Analysis for ‘Machine Bias’},
  year = {2016},
  howpublished = {\url{https://github.com/propublica/compas-analysis}}
}
